@inproceedings{DBLP:conf/esop/BernardyJC10,
  author    = {Jean-Philippe Bernardy and
               Patrik Jansson and
               Koen Claessen},
  title     = {Testing Polymorphic Properties},
  booktitle = {ESOP},
  year      = {2010},
  pages     = {125-144},
  ee        = {http://dx.doi.org/10.1007/978-3-642-11957-6_8},
  crossref  = {DBLP:conf/esop/2010},
  bibsource = {DBLP, http://dblp.uni-trier.de}
}
@proceedings{DBLP:conf/esop/2010,
  editor    = {Andrew D. Gordon},
  title     = {Programming Languages and Systems, 19th European Symposium
               on Programming, ESOP 2010, Held as Part of the Joint European
               Conferences on Theory and Practice of Software, ETAPS 2010,
               Paphos, Cyprus, March 20-28, 2010. Proceedings},
  booktitle = {ESOP},
  publisher = {Springer},
  series    = {LNCS},
  volume    = {6012},
  year      = {2010},
  isbn      = {978-3-642-11956-9},
  ee        = {http://dx.doi.org/10.1007/978-3-642-11957-6},
  bibsource = {DBLP, http://dblp.uni-trier.de}
}

@article{DBLP:journals/sigplan/ClaessenH02,
  author    = {Koen Claessen and
               John Hughes},
  title     = {Testing monadic code with QuickCheck},
  journal   = {SIGPLAN Notices},
  volume    = {37},
  number    = {12},
  year      = {2002},
  pages     = {47-59},
  ee        = {http://doi.acm.org/10.1145/636517.636527},
  bibsource = {DBLP, http://dblp.uni-trier.de}
}

@inproceedings{DBLP:conf/itp/BlanchetteN10,
  author    = {Jasmin Christian Blanchette and
               Tobias Nipkow},
  title     = {Nitpick: A Counterexample Generator for Higher-Order Logic
               Based on a Relational Model Finder},
  booktitle = {ITP},
  year      = {2010},
  pages     = {131-146},
  ee        = {http://dx.doi.org/10.1007/978-3-642-14052-5_11},
  crossref  = {DBLP:conf/itp/2010},
  bibsource = {DBLP, http://dblp.uni-trier.de}
}
@proceedings{DBLP:conf/itp/2010,
  editor    = {Matt Kaufmann and
               Lawrence C. Paulson},
  title     = {Interactive Theorem Proving, First International Conference,
               ITP 2010, Edinburgh, UK, July 11-14, 2010. Proceedings},
  booktitle = {ITP},
  publisher = {Springer},
  series    = {LNCS},
  volume    = {6172},
  year      = {2010},
  isbn      = {978-3-642-14051-8},
  ee        = {http://dx.doi.org/10.1007/978-3-642-14052-5},
  bibsource = {DBLP, http://dblp.uni-trier.de}
}

@inproceedings{DBLP:conf/sefm/BerghoferN04,
  author    = {Stefan Berghofer and
               Tobias Nipkow},
  title     = {Random Testing in Isabelle/HOL},
  booktitle = {SEFM},
  year      = {2004},
  pages     = {230-239},
  ee        = {http://doi.ieeecomputersociety.org/10.1109/SEFM.2004.36},
  crossref  = {DBLP:conf/sefm/2004},
  bibsource = {DBLP, http://dblp.uni-trier.de}
}
@proceedings{DBLP:conf/sefm/2004,
  title     = {2nd International Conference on Software Engineering and
               Formal Methods (SEFM 2004), 28-30 September 2004, Beijing,
               China},
  booktitle = {SEFM},
  publisher = {IEEE Computer Society},
  year      = {2004},
  isbn      = {0-7695-2222-X},
  bibsource = {DBLP, http://dblp.uni-trier.de}
}

@inproceedings{DBLP:conf/oopsla/PachecoE07,
  author    = {Carlos Pacheco and
               Michael D. Ernst},
  title     = {Randoop: feedback-directed random testing for Java},
  booktitle = {OOPSLA Companion},
  year      = {2007},
  pages     = {815-816},
  ee        = {http://doi.acm.org/10.1145/1297846.1297902},
  crossref  = {DBLP:conf/oopsla/2007c},
  bibsource = {DBLP, http://dblp.uni-trier.de}
}
@proceedings{DBLP:conf/oopsla/2007c,
  editor    = {Richard P. Gabriel and
               David F. Bacon and
               Cristina Videira Lopes and
               Guy L. Steele Jr.},
  title     = {Companion to the 22nd Annual ACM SIGPLAN Conference on Object-Oriented
               Programming, Systems, Languages, and Applications, OOPSLA
               2007, October 21-25, 2007, Montreal, Quebec, Canada},
  booktitle = {OOPSLA Companion},
  publisher = {ACM},
  year      = {2007},
  isbn      = {978-1-59593-865-7},
  bibsource = {DBLP, http://dblp.uni-trier.de}
}

@inproceedings{DBLP:conf/haskell/RuncimanNL08,
  author    = {Colin Runciman and
               Matthew Naylor and
               Fredrik Lindblad},
  title     = {Smallcheck and lazy smallcheck: automatic exhaustive testing
               for small values},
  booktitle = {Haskell},
  year      = {2008},
  pages     = {37-48},
  ee        = {http://doi.acm.org/10.1145/1411286.1411292},
  crossref  = {DBLP:conf/haskell/2008},
  bibsource = {DBLP, http://dblp.uni-trier.de}
}
@proceedings{DBLP:conf/haskell/2008,
  editor    = {Andy Gill},
  title     = {Proceedings of the 1st ACM SIGPLAN Symposium on Haskell,
               Haskell 2008, Victoria, BC, Canada, 25 September 2008},
  booktitle = {Haskell},
  publisher = {ACM},
  year      = {2008},
  isbn      = {978-1-60558-064-7},
  bibsource = {DBLP, http://dblp.uni-trier.de}
}

@inproceedings{DBLP:conf/tap/ClaessenS08,
  author    = {Koen Claessen and
               Hans Svensson},
  title     = {Finding Counter Examples in Induction Proofs},
  booktitle = {TAP},
  year      = {2008},
  pages     = {48-65},
  ee        = {http://dx.doi.org/10.1007/978-3-540-79124-9_5},
  crossref  = {DBLP:conf/tap/2008},
  bibsource = {DBLP, http://dblp.uni-trier.de}
}
@proceedings{DBLP:conf/tap/2008,
  editor    = {Bernhard Beckert and
               Reiner H{\"a}hnle},
  title     = {Tests and Proofs, Second International Conference, TAP 2008,
               Prato, Italy, April 9-11, 2008. Proceedings},
  booktitle = {TAP},
  publisher = {Springer},
  series    = {LNCS},
  volume    = {4966},
  year      = {2008},
  isbn      = {978-3-540-79123-2},
  bibsource = {DBLP, http://dblp.uni-trier.de}
}

@inproceedings{DBLP:conf/tap/AhnD10,
  author    = {Ki Yung Ahn and
               Ewen Denney},
  title     = {Testing First-Order Logic Axioms in Program Verification},
  booktitle = {TAP},
  year      = {2010},
  pages     = {22-37},
  ee        = {http://dx.doi.org/10.1007/978-3-642-13977-2_4},
  crossref  = {DBLP:conf/tap/2010},
  bibsource = {DBLP, http://dblp.uni-trier.de}
}
@proceedings{DBLP:conf/tap/2010,
  editor    = {Gordon Fraser and
               Angelo Gargantini},
  title     = {Tests and Proofs, 4th International Conference, TAP 2010,
               M{\'a}laga, Spain, July 1-2, 2010. Proceedings},
  booktitle = {TAP},
  publisher = {Springer},
  series    = {LNCS},
  volume    = {6143},
  year      = {2010},
  isbn      = {978-3-642-13976-5},
  ee        = {http://dx.doi.org/10.1007/978-3-642-13977-2},
  bibsource = {DBLP, http://dblp.uni-trier.de}
}

@inproceedings{DBLP:conf/icfp/ClaessenH00,
  author    = {Koen Claessen and
               John Hughes},
  title     = {QuickCheck: a lightweight tool for random testing of Haskell
               programs},
  booktitle = {ICFP},
  year      = {2000},
  pages     = {268-279},
  ee        = {http://doi.acm.org/10.1145/351240.351266},
  crossref  = {DBLP:conf/icfp/2000},
  bibsource = {DBLP, http://dblp.uni-trier.de}
}
@proceedings{DBLP:conf/icfp/2000,
  editor    = {Martin Odersky and
               Philip Wadler},
  title     = {Proceedings of the Fifth ACM SIGPLAN International Conference
               on Functional Programming (ICFP '00), Montreal, Canada,
               September 18-21, 2000},
  booktitle = {ICFP},
  publisher = {ACM},
  year      = {2000},
  isbn      = {1-58113-202-6},
  bibsource = {DBLP, http://dblp.uni-trier.de}
}
@Unpublished{fix,
  author       = "Fran√ßois Pottier",
  title        = "The \texttt{Fix} library",
  year         = "2014",
  note         = "\url{http://gallium.inria.fr/~fpottier/fix/fix.html.en}",
}

@Article{huet-zipper-97,
  author       = "G{\'e}rard Huet",
  title        = "The Zipper",
  journal      = jfp,
  volume       = "7",
  number       = "5",
  year         = "1997",
  pages        = "549--554",
  URL          = "http://yquem.inria.fr/~huet/PUBLIC/zip.pdf",
}


@inproceedings{DBLP:conf/csl/LiangM07,
  author    = {Chuck Liang and
               Dale Miller},
  title     = {Focusing and Polarization in Intuitionistic Logic},
  booktitle = {CSL},
  year      = {2007},
  pages     = {451-465},
  ee        = {http://dx.doi.org/10.1007/978-3-540-74915-8_34},
  crossref  = {DBLP:conf/csl/2007},
  bibsource = {DBLP, http://dblp.uni-trier.de}
}
@proceedings{DBLP:conf/csl/2007,
  editor    = {Jacques Duparc and
               Thomas A. Henzinger},
  title     = {Computer Science Logic, 21st International Workshop, CSL
               2007, 16th Annual Conference of the EACSL, Lausanne, Switzerland,
               September 11-15, 2007, Proceedings},
  booktitle = {CSL},
  publisher = {Springer},
  series    = {LNCS},
  volume    = {4646},
  year      = {2007},
  isbn      = {978-3-540-74914-1},
  bibsource = {DBLP, http://dblp.uni-trier.de}
}
