@inproceedings{DBLP:conf/esop/BernardyJC10,
  author    = {Jean-Philippe Bernardy and
               Patrik Jansson and
               Koen Claessen},
  title     = {Testing Polymorphic Properties},
  booktitle = {ESOP},
  year      = {2010},
  pages     = {125-144},
  ee        = {http://dx.doi.org/10.1007/978-3-642-11957-6_8},
  crossref  = {DBLP:conf/esop/2010},
  bibsource = {DBLP, http://dblp.uni-trier.de}
}
@proceedings{DBLP:conf/esop/2010,
  editor    = {Andrew D. Gordon},
  title     = {Programming Languages and Systems, 19th European Symposium
               on Programming, ESOP 2010, Held as Part of the Joint European
               Conferences on Theory and Practice of Software, ETAPS 2010,
               Paphos, Cyprus, March 20-28, 2010. Proceedings},
  booktitle = {ESOP},
  publisher = {Springer},
  series    = {Lecture Notes in Computer Science},
  volume    = {6012},
  year      = {2010},
  isbn      = {978-3-642-11956-9},
  ee        = {http://dx.doi.org/10.1007/978-3-642-11957-6},
  bibsource = {DBLP, http://dblp.uni-trier.de}
}